@misc{itu_guide,
	title = {{Guide to Developing a National Cybersecurity Strategy}},
	author = {International Telecommunication Union (ITU)},
	year = {2018},
}